@misc{pliki-binarne,
  author = {Dawid Farbaniec},
  title = {Podstawy edycji plik√≥w binarnych},
  year = 2018,
  url = {https://haker.info/blog/details/podstawy-edycji-plikow-binarnych},
  howpublished = {\url{https://haker.info/blog/details/podstawy-edycji-plikow-binarnych}},
  note = {Odwiedzona: 2019-12-04}
}
@misc{protecting-binary-executables,
  author = {Embedded Staff},
  title = {Protecting Binary Executables},
  year = 2000,
  url = {https://www.embedded.com/protecting-binary-executables/},
  howpublished = {\url{https://www.embedded.com/protecting-binary-executables/}},
  note = {Odwiedzona: 2019-12-04}
}
