@misc{agh,
  author = "Wydział Zarządzania AGH - Katedra Informatyki Stosowanej",
  title = "Heurystyki i metaheurystyki",
  howpublished = "http://www.pi.zarz.agh.edu.pl/intObl/notes/IntObl\_w2.pdf"
}
@misc{wiki_ga,
  title = "Genetic Algorithm",
  howpublished = "https://en.wikipedia.org/wiki/Genetic\_algorithm"
}
@misc{cleveralgorithms,
  title = "Simulated Annealing",
  howpublished = "www.cleveralgorithms.com/nature-inspired/physical/simulated\_annealing.html"
}
@misc{ga_crossover,
  title = "Genetic Algorithms Crossover",
  howpublished = "https://www.tutorialspoint.com/\\genetic\_algorithms/genetic\_algorithms\_crossover.htm"
}
@misc{ga_mutation,
  title = "Genetic Algorithms Mutation",
  howpublished = "https://www.tutorialspoint.com/\\genetic\_algorithms/genetic\_algorithms\_mutation.htm"
}
@misc{aco_pwr,
  title = "Algorytmy mrówkowe",
  howpublished = "http://www.zio.iiar.pwr.wroc.pl/pea/w6\_aco.pdf"
}
