@misc{wiki,
  key={PCL},
  title={https://en.wikipedia.org/wiki/Printer\_Command\_Language},
  url = {https://en.wikipedia.org/wiki/Printer\_Command\_Language},
  urldate = {2018-12-04}
}
@book{printerSpecs,
  author={Hewlett-Packard Company},
  title={Hewlett Packard DeskJet 600/800 Series Printers -Software Developer’s PCL Guide},
  url={http://lprng.sourceforge.net/DISTRIB/RESOURCES/DOCS/Vcs_pcl.pdf},
  year={Wrzesień 1997},
  publisher={Hewlett-Packard Company}
}
@misc{csgnetwork,
  key={PCL},
  title={http://www.csgnetwork.com/hppclhist.html},
  url = {http://www.csgnetwork.com/hppclhist.html},
  urldate = {2018-12-04}
}
