@misc{agh,
  author = "Wydział Zarządzania AGH - Katedra Informatyki Stosowanej",
  title = "Heurystyki i metaheurystyki",
  howpublished = "http://www.pi.zarz.agh.edu.pl/intObl/notes/IntObl\_w2.pdf"
}
@book{zeszyty_naukowe,
  author = "Józef Grabowski, Jarosław Pempera",
  title = "Zeszyty naukowe Politechniki Śląskiej",
  publisher = "Politechnika Śląska",
  series = "Seria: Automatyka z. 129",
  year = "2000",
  url = "http://delibra.bg.polsl.pl/Content/43518/BCPS_47332_2000_Nowe-algorytmy-Tabu-.pdf"
}
@misc{wiki_ts,
  title = "Tabu search",
  howpublished = "https://en.wikipedia.org/wiki/Tabu\_search"
}
@misc{cleveralgorithms,
  title = "Simulated Annealing",
  howpublished = "www.cleveralgorithms.com/nature-inspired/physical/simulated\_annealing.html"
}
