@misc{kompresja-huffmana,
  author = {mgr Jerzy Wa≈Çaszek},
  title = {Kompresja Huffmana},
  year = 2019,
  url = {https://eduinf.waw.pl/inf/alg/001_search/0121a.php},
  howpublished = {\url{https://eduinf.waw.pl/inf/alg/001_search/0121a.php}},
  note = {Odwiedzona: 2019-11-04}
}
@misc{pararell-huffman-cuda,
  author = {Habibelahi Rahmani, Cihan Topal, Cuneyt Akinlar},
  title = {A Parallel Huffman Coder on the CUDA Architecture},
  year = 2014,
  url = {http://c-viz.eskisehir.edu.tr/pdfs/Rahmani2014VCIP.pdf},
  howpublished = {\url{http://c-viz.eskisehir.edu.tr/pdfs/Rahmani2014VCIP.pdf}},
  note = {Odwiedzona: 2019-10-20}
}
@misc{pararell-huffman-gpu,
  author = {Jayaraj P.B, Ajay Joseph Thomas, Aravind A.N},
  title = {Fast Parallel Arithmetic Coding on GPU},
  year = 2012,
  url = {https://pdfs.semanticscholar.org/509e/fe0f6e2776130b3a3ae50b233bf0eba216ee.pdf},
  howpublished = {\url{https://pdfs.semanticscholar.org/509e/fe0f6e2776130b3a3ae50b233bf0eba216ee.pdf}},
  note = {Odwiedzona: 2019-10-20}
}
@misc{pararell-lossless-algorithms,
  author = {Zhanxiang Huang, Chen Luo},
  title = {Parallel Lossless Data Compression Algorithms},
  year = 2016,
  url = {https://hzxa21.github.io/15618-FinalProject},
  howpublished = {\url{https://hzxa21.github.io/15618-FinalProject}},
  note = {Odwiedzona: 2019-10-21}
}
@misc{pararell-lossless-algorithms-wireless,
  author = {Bin Zhou, Hai Jin, Ran Zheng},
  title = {A Parallel High Speed Lossless Data Compression Algorithm in Large-Scale Wireless Sensor Network},
  year = 2015,
  url = {https://journals.sagepub.com/doi/full/10.1155/2015/795353},
  howpublished = {\url{https://journals.sagepub.com/doi/full/10.1155/2015/795353}},
  note = {Odwiedzona: 2019-10-21}
}
@misc{cuda-toolkit-documentation,
  author = {NVIDIA Corporation},
  title = {CUDA Toolkit Documentation},
  year = 2019,
  url = {https://docs.nvidia.com/cuda/cuda-c-programmingguide/index.html},
  howpublished = {\url{https://docs.nvidia.com/cuda/cuda-c-programmingguide/index.html}},
  note = {Odwiedzona: 2019-10-21}
}
@misc{geforce-900-series,
  author = {Wikimedia Foundation},
  title = {GeForce 900 series},
  url = {https://en.wikipedia.org/wiki/GeForce_900_series},
  howpublished = {\url{https://en.wikipedia.org/wiki/GeForce_900_series}},
  note = {Odwiedzona: 2019-11-30}
}
@misc{gtx-940mx,
  author = {Notebookcheck.pl},
  title = {Dane techniczne karty graficznej nVidia GeForce 940MX},
  url = {https://www.notebookcheck.pl/NVIDIA-GeForce-940MX.156013.0.html},
  howpublished = {\url{https://www.notebookcheck.pl/NVIDIA-GeForce-940MX.156013.0.html}},
  note = {Odwiedzona: 2019-11-04}
}https://www.nvidia.com/pl-pl/geforce/900-series/
@misc{cuda,
  author = {NVIDIA Corporation},
  title = {Technologia CUDA},
  url = {https://www.geforce.com/hardware/technology/cuda},
  howpublished = {\url{https://www.geforce.com/hardware/technology/cuda}},
  note = {Odwiedzona: 2019-11-30}
}
@misc{jcuda,
  author = {jcuda.org},
  title = {JCuda},
  year = 2019,
  url = {http://www.jcuda.org/},
  howpublished = {\url{http://www.jcuda.org/}},
  note = {Odwiedzona: 2019-11-30}
}
@misc{maven,
  author = {The Apache Software Foundation},
  title = {Apache Maven},
  year = 2019,
  url = {https://maven.apache.org/},
  howpublished = {\url{https://maven.apache.org/}},
  note = {Odwiedzona: 2019-11-30}
}
@misc{openjdk-11,
  author = {Oracle Corporation},
  title = {JDK 11},
  year = 2019,
  url = {https://openjdk.java.net/projects/jdk/11/},
  howpublished = {\url{https://openjdk.java.net/projects/jdk/11/}},
  note = {Odwiedzona: 2019-11-30}
}
@misc{intellij-idea,
  author = {JetBrains s.r.o.},
  title = {IntelliJ IDEA},
  year = 2019,
  url = {https://www.jetbrains.com/idea/},
  howpublished = {\url{https://www.jetbrains.com/idea/}},
  note = {Odwiedzona: 2019-11-30}
}
@misc{c-standard,
  title = {C Standard},
  year = 2019,
  url = {http://www.iso-9899.info/wiki/The_Standard},
  howpublished = {\url{http://www.iso-9899.info/wiki/The_Standard}},
  note = {Odwiedzona: 2019-12-01}
}