@misc{mozilla,
  author = {Mozilla},
  title = {Getting started with WebGL},
  year = 2018,
  url = {https://developer.mozilla.org/pl/docs/Web/API/WebGL_API/Tutorial/Getting_started_with_WebGL},
  note = {Odwiedzona: 2019-01-12}
}