@misc{buffer-overflow,
  author = {Wikimedia Foundation},
  title = {Przepełnienie bufora},
  year = 2019,
  url = {https://pl.wikipedia.org/wiki/Przepe%C5%82nienie_bufora},
  howpublished = {\url{https://pl.wikipedia.org/wiki/Przepe%C5%82nienie_bufora}},
  note = {Odwiedzona: 2019-12-02}
}
@misc{stack,
  author = {Franziska Hinkelmann},
  title = {Confused about Stack and Heap?},
  year = 2017,
  url = {https://medium.com/fhinkel/confused-about-stack-and-heap-2cf3e6adb771},
  howpublished = {\url{https://medium.com/fhinkel/confused-about-stack-and-heap-2cf3e6adb771}},
  note = {Odwiedzona: 2019-12-02}
}
@misc{shellcode,
  author = {Beenu Arora},
  title = {Shell Code For Beginners},
  year = 2007,
  url = {https://www.exploit-db.com/docs/english/13019-shell-code-for-beginners.pdf},
  howpublished = {\url{https://www.exploit-db.com/docs/english/13019-shell-code-for-beginners.pdf}},
  note = {Odwiedzona: 2019-12-02}
}
@misc{little-endian,
  author = {Wikimedia Foundation},
  title = {Kolejność bajtów},
  year = 2007,
  url = {https://pl.wikipedia.org/wiki/Kolejno%C5%9B%C4%87_bajt%C3%B3w},
  howpublished = {\url{https://pl.wikipedia.org/wiki/Kolejno%C5%9B%C4%87_bajt%C3%B3w}},
  note = {Odwiedzona: 2019-12-02}
}