@misc{wiki,
  key={Karta elektroniczna},
  title={https://pl.wikipedia.org/wiki/Karta\_elektroniczna},
  url = {https://pl.wikipedia.org/wiki/Karta_elektroniczna},
  urldate = {2018-11-06}
}
@book{gsmTechSpecs,
  author={European Telecommunications Standards Institute},
  title={Digital cellular telecommunications system (Phase 2+);
        Specification of the Subscriber Identity Module -
        Mobile Equipment (SIM - ME) interface (GSM 11.11)},
  url={http://www.zsk.iiar.pwr.edu.pl/zsk/repository/dydaktyka/up/lab/smartcard/gsm11_11.pdf},
  year={December 1995},
  publisher={European Telecommunications Standards Institute}
}
