@misc{maven,
  author = {The Apache Software Foundation},
  title = {Apache Maven},
  year = 2019,
  url = {https://maven.apache.org/},
  howpublished = {\url{https://maven.apache.org/}},
  note = {Odwiedzona: 2019-11-30}
}
@misc{openjdk-13,
  author = {Oracle Corporation},
  title = {JDK 13},
  year = 2019,
  url = {https://openjdk.java.net/projects/jdk/13/},
  howpublished = {\url{https://openjdk.java.net/projects/jdk/13/}},
  note = {Odwiedzona: 2019-12-08}
}
@misc{intellij-idea,
  author = {JetBrains s.r.o.},
  title = {IntelliJ IDEA},
  year = 2019,
  url = {https://www.jetbrains.com/idea/},
  howpublished = {\url{https://www.jetbrains.com/idea/}},
  note = {Odwiedzona: 2019-11-30}
}
@misc{hibernate,
  author = {Red Hat},
  title = {Hibernate},
  year = 2019,
  url = {https://hibernate.org/},
  howpublished = {\url{https://hibernate.org/}},
  note = {Odwiedzona: 2019-12-09}
}
@misc{thymeleaf,
  author = {The Thymeleaf Team},
  title = {Thymeleaf},
  year = 2019,
  url = {https://www.thymeleaf.org/},
  howpublished = {\url{https://www.thymeleaf.org/}},
  note = {Odwiedzona: 2019-12-09}
}
@misc{materialize,
  author = {Materialize},
  title = {Materialize},
  year = 2019,
  url = {https://materializecss.com/},
  howpublished = {\url{https://materializecss.com/}},
  note = {Odwiedzona: 2019-12-09}
}
@misc{mvc-tutorial,
  author = {javatpoint},
  title = {Spring MVC Tutorial},
  year = 2019,
  url = {https://www.javatpoint.com/spring-mvc-tutorial},
  howpublished = {\url{https://www.javatpoint.com/spring-mvc-tutorial}},
  note = {Odwiedzona: 2019-12-09}
}
@misc{heroku,
  author = {Wikipedia Foundation},
  title = {Heroku},
  year = 2019,
  url = {https://pl.wikipedia.org/wiki/Heroku},
  howpublished = {\url{https://pl.wikipedia.org/wiki/Heroku}},
  note = {Odwiedzona: 2019-12-09}
}